@inproceedings{should,
  title={The human should be part of the control loop?},
  author={Nothwang, William D and McCourt, Michael J and Robinson, Ryan M and Burden, Samuel A and Curtis, J Willard},
  booktitle={Resilience Week (RWS), 2016},
  pages={214--220},
  year={2016},
  organization={IEEE}
}

@article{abbass2014computational,
  title={The computational air traffic control brain: computational red teaming and big data for real-time seamless brain-traffic integration},
  author={Abbass, H and Tang, Jiagnjun and Amin, Rubai and Ellejmi, Mohamed and Kirby, Stephen},
  journal={J Air Traffic Control},
  volume={56},
  number={2},
  pages={10--17},
  year={2014}
}

@article{harvey2015application,
  title={Application of chaos measures to a simplified boids flocking model},
  author={Harvey, John and Merrick, Kathryn and Abbass, Hussein A},
  journal={Swarm Intelligence},
  volume={9},
  number={1},
  pages={23--41},
  year={2015},
  publisher={Springer}
}

@article{harvey2018assessing,
  title={Assessing Human Judgement of Computationally Generated Swarming Behaviour},
  author={Harvey, John and Merrick, Kathryn Elizabeth and Abbass, Hussein A},
  journal={Frontiers in Robotics and AI},
  volume={5},
  pages={13},
  year={2018},
  publisher={Frontiers}
}


@Article{borghini2014measuring,
  author    = {Borghini, Gianluca and Astolfi, Laura and Vecchiato, Giovanni and Mattia, Donatella and Babiloni, Fabio},
  title     = {Measuring neurophysiological signals in aircraft pilots and car drivers for the assessment of mental workload, fatigue and drowsiness},
  journal   = {Neuroscience \& Biobehavioral Reviews},
  year      = {2014},
  volume    = {44},
  pages     = {58--75},
  publisher = {Elsevier},
}

@InProceedings{satterfield2012measuring,
  author       = {Satterfield, Kelly and Ramirez, Raul and Shaw, Tyler and Parasuraman, Raja},
  title        = {Measuring workload during a dynamic supervisory control task using cerebral blood flow velocity and the NASA-TLX},
  booktitle    = {Proceedings of the Human Factors and Ergonomics Society Annual Meeting},
  year         = {2012},
  volume       = {56},
  number       = {1},
  pages        = {163--167},
  organization = {Sage Publications Sage CA: Los Angeles, CA},
}

@Article{ayaz2012optical,
  author    = {Ayaz, Hasan and Shewokis, Patricia A and Bunce, Scott and Izzetoglu, Kurtulus and Willems, Ben and Onaral, Banu},
  title     = {Optical brain monitoring for operator training and mental workload assessment},
  journal   = {Neuroimage},
  year      = {2012},
  volume    = {59},
  number    = {1},
  pages     = {36--47},
  publisher = {Elsevier},
}

@Article{marquart2015review,
  author    = {Marquart, Gerhard and Cabrall, Christopher and de Winter, Joost},
  title     = {Review of eye-related measures of drivers' mental workload},
  journal   = {Procedia Manufacturing},
  year      = {2015},
  volume    = {3},
  pages     = {2854--2861},
  publisher = {Elsevier},
}


@article{dyer1984team,
  title={Team research and team training: A state-of-the-art review},
  author={Dyer, Jean L},
  journal={Human factors review},
  volume={26},
  pages={285--323},
  year={1984},
  publisher={Santa Monica, CA: Human Factors Society}
}

@article{morgan1993analysis,
  title={An analysis of team evolution and maturation},
  author={Morgan Jr, Ben B and Salas, Eduardo and Glickman, Albert S},
  journal={The Journal of General Psychology},
  volume={120},
  number={3},
  pages={277--291},
  year={1993},
  publisher={Taylor \& Francis}
}

@book{katzenbach1993discipline,
  title={The discipline of teams},
  author={Katzenbach, Jon R and Smith, Douglas K},
  year={1993},
  publisher={Harvard Business Press}
}


@book{castellan2013individual,
  title={Individual and group decision making: current issues},
  author={Castellan, N John},
  year={2013},
  publisher={Psychology Press}
}

@book{edmondson2012teaming,
  title={Teaming: How organizations learn, innovate, and compete in the knowledge economy},
  author={Edmondson, Amy C},
  year={2012},
  publisher={John Wiley \& Sons}
}

@article{salas2008teams,
  title={On teams, teamwork, and team performance: Discoveries and developments},
  author={Salas, Eduardo and Cooke, Nancy J and Rosen, Michael A},
  journal={Human factors},
  volume={50},
  number={3},
  pages={540--547},
  year={2008},
  publisher={SAGE Publications Sage CA: Los Angeles, CA}
}

@article{sycara2004integrating,
  title={Integrating intelligent agents into human teams.},
  author={Sycara, Katia and Lewis, Michael},
  year={2004},
  publisher={American Psychological Association}
}

@article{sycara2006literature,
  title={Literature review of teamwork models},
  author={Sycara, Katia and Sukthankar, Gita},
  journal={Robotics Institute, Carnegie Mellon University},
  volume={31},
  year={2006}
}

@techreport{joe2014identifying,
  title={Identifying requirements for effective human-automation teamwork},
  author={Joe, Jeffrey C and O'Hara, John and Medema, Heather D and Oxstrand, Johanna H},
  year={2014},
  institution={Idaho National Laboratory (INL)}
}

@incollection{humphrey2002hierarchical,
  title={Hierarchical team decision making},
  author={Humphrey, Stephen E and Hollenbeck, John R and Meyer, Christopher J and Ilgen, Daniel R},
  booktitle={Research in personnel and human resources management},
  pages={175--213},
  year={2002},
  publisher={Emerald Group Publishing Limited}
}

@article{carson2007shared,
    title={Shared leadership in teams: An investigation of antecedent conditions and performance},
    author={Carson, Jay B and Tesluk, Paul E and Marrone, Jennifer A},
    journal={Academy of management Journal},
    volume={50},
    number={5},
    pages={1217--1234},
    year={2007},
    publisher={Academy of Management}
}

@article{chen2014human,
  title={Human--agent teaming for multirobot control: A review of human factors issues},
  author={Chen, Jessie YC and Barnes, Michael J},
  journal={IEEE Transactions on Human-Machine Systems},
  volume={44},
  number={1},
  pages={13--29},
  year={2014},
  publisher={IEEE}
}

@inproceedings{wiltshire2013towards,
  title={Towards modeling social-cognitive mechanisms in robots to facilitate human-robot teaming},
  author={Wiltshire, Travis J and Barber, Daniel and Fiore, Stephen M},
  booktitle={Proceedings of the Human Factors and Ergonomics Society Annual Meeting},
  volume={57},
  number={1},
  pages={1278--1282},
  year={2013},
  organization={SAGE Publications Sage CA: Los Angeles, CA}
}

@Article{murphy2008cooperative,
  author    = {Murphy, Robin R and Steimle, Eric and Griffin, Chandler and Cullins, Charlie and Hall, Mike and Pratt, Kevin},
  title     = {Cooperative use of unmanned sea surface and micro aerial vehicles at Hurricane Wilma},
  journal   = {Journal of Field Robotics},
  year      = {2008},
  volume    = {25},
  number    = {3},
  pages     = {164--180},
  publisher = {Wiley Online Library},
}

@InProceedings{lewis2010teams,
  author       = {Lewis, Michael and Wang, Huadong and Chien, Shih-Yi and Scerri, Paul and Velagapudi, Prasanna and Sycara, Katia and Kane, Breelyn},
  title        = {Teams organization and performance in multi-human multi-robot teams},
  booktitle    = {Systems Man and Cybernetics (SMC), 2010 IEEE International Conference on},
  year         = {2010},
  pages        = {1617--1623},
  organization = {IEEE},
}

@Article{goodrich2007human,
  author    = {Goodrich, Michael A and Schultz, Alan C},
  title     = {Human-robot interaction: a survey},
  journal   = {Foundations and trends in human-computer interaction},
  year      = {2007},
  volume    = {1},
  number    = {3},
  pages     = {203--275},
  publisher = {Now Publishers Inc.},
}

@Article{sumpter2006principles,
  author    = {Sumpter, David JT},
  title     = {The principles of collective animal behaviour},
  journal   = {Philosophical Transactions of the Royal Society of London B: Biological Sciences},
  year      = {2006},
  volume    = {361},
  number    = {1465},
  pages     = {5--22},
  publisher = {The Royal Society},
}

@InProceedings{steinberg2011biologically,
  author       = {Steinberg, Marc},
  title        = {Biologically-inspired approaches for self-organization, adaptation, and collaboration of heterogeneous autonomous systems},
  booktitle    = {SPIE Defense, Security, and Sensing},
  year         = {2011},
  pages        = {80620H--80620H},
  organization = {International Society for Optics and Photonics},
}

@Article{kolling2016human,
  author    = {Kolling, Andreas and Walker, Phillip and Chakraborty, Nilanjan and Sycara, Katia and Lewis, Michael},
  title     = {Human interaction with robot swarms: A survey},
  journal   = {IEEE Transactions on Human-Machine Systems},
  year      = {2016},
  volume    = {46},
  number    = {1},
  pages     = {9--26},
  publisher = {IEEE},
}

@Article{bode2010limited,
  author    = {Bode, Nikolai WF and Franks, Daniel W and Wood, A Jamie},
  title     = {Limited interactions in flocks: relating model simulations to empirical data},
  journal   = {Journal of The Royal Society Interface},
  year      = {2010},
  pages     = {rsif20100397},
  publisher = {The Royal Society},
}

@Article{couzin2002collective,
  author    = {Couzin, Iain D and Krause, Jens and James, Richard and Ruxton, Graeme D and Franks, Nigel R},
  title     = {Collective memory and spatial sorting in animal groups},
  journal   = {Journal of theoretical biology},
  year      = {2002},
  volume    = {218},
  number    = {1},
  pages     = {1--11},
  publisher = {Elsevier},
}

@Article{conradt2009leading,
  author    = {Conradt, Larissa and Krause, Jens and Couzin, Iain D and Roper, Timothy J},
  title     = {''Leading according to need`` in self-organizing groups},
  journal   = {The American Naturalist},
  year      = {2009},
  volume    = {173},
  number    = {3},
  pages     = {304--312},
  publisher = {The University of Chicago Press},
}

@Article{levine2000self,
  author    = {Levine, Herbert and Rappel, Wouter-Jan and Cohen, Inon},
  title     = {Self-organization in systems of self-propelled particles},
  journal   = {Physical Review E},
  year      = {2000},
  volume    = {63},
  number    = {1},
  pages     = {017101},
  publisher = {APS},
}

@Article{goodrich2011enabling,
  author  = {Goodrich, M and Sujit, P and Kerman, Sean and Pendleton, Brian and Pinto, Jos{\'e}},
  title   = {Enabling human interaction with bio-inspired robot teams: Topologies, leaders, predators, and stakeholders byu-hcmi technical report 2011-1},
  journal = {Brigham Young University, Tech. Rep},
  year    = {2011},
}

@InProceedings{spears2004overview,
  author       = {Spears, William M and Spears, Diana F and Heil, Rodney and Kerr, Wesley and Hettiarachchi, Suranga},
  title        = {An overview of physicomimetics},
  booktitle    = {International Workshop on Swarm Robotics},
  year         = {2004},
  pages        = {84--97},
  organization = {Springer},
}

@InProceedings{goodrich2012leadership,
  author    = {Goodrich, Michael A and Kerman, Sean and Jun, Shin-Young},
  title     = {On Leadership and Influence in Human-Swarm Interaction.},
  booktitle = {AAAI Fall Symposium: Human Control of Bioinspired Swarms},
  year      = {2012},
}

@article{dorigo2013swarmanoid,
  title={Swarmanoid: a novel concept for the study of heterogeneous robotic swarms},
  author={Dorigo, Marco and Floreano, Dario and Gambardella, Luca Maria and Mondada, Francesco and Nolfi, Stefano and Baaboura, Tarek and Birattari, Mauro and Bonani, Michael and Brambilla, Manuele and Brutschy, Arne and others},
  journal={IEEE Robotics \& Automation Magazine},
  volume={20},
  number={4},
  pages={60--71},
  year={2013},
  publisher={IEEE}
}

@article{lerman2002mathematical,
  title={Mathematical model of foraging in a group of robots: Effect of interference},
  author={Lerman, Kristina and Galstyan, Aram},
  journal={Autonomous Robots},
  volume={13},
  number={2},
  pages={127--141},
  year={2002},
  publisher={Springer}
}

@article{podevijn2016investigating,
  title={Investigating the effect of increasing robot group sizes on the human psychophysiological state in the context of human--swarm interaction},
  author={Podevijn, Ga{\``e}tan and {O\textquoteright Grady}, Rehan and Mathews, Nithin and Gilles, Audrey and Fantini-Hauwel, Carole and Dorigo, Marco},
  journal={Swarm Intelligence},
  volume={10},
  number={3},
  pages={193--210},
  year={2016},
  publisher={Springer}
}

@InProceedings{steinfeld2006common,
  author       = {Steinfeld, Aaron and Fong, Terrence and Kaber, David and Lewis, Michael and Scholtz, Jean and Schultz, Alan and Goodrich, Michael},
  title        = {Common metrics for human-robot interaction},
  booktitle    = {Proceedings of the 1st ACM SIGCHI/SIGART conference on Human-robot interaction},
  year         = {2006},
  pages        = {33--40},
  organization = {ACM},
}

@Article{boles2007predicting,
  author    = {Boles, David B and Bursk, Jonathan H and Phillips, Jeffrey B and Perdelwitz, Jason R},
  title     = {Predicting dual-task performance with the Multiple Resources Questionnaire (MRQ)},
  journal   = {Human factors},
  year      = {2007},
  volume    = {49},
  number    = {1},
  pages     = {32--45},
  publisher = {Sage Publications Sage CA: Los Angeles, CA},
}

@Article{endsley1995toward,
  author    = {Endsley, Mica R},
  title     = {Toward a theory of situation awareness in dynamic systems},
  journal   = {Human factors},
  year      = {1995},
  volume    = {37},
  number    = {1},
  pages     = {32--64},
  publisher = {SAGE Publications Sage CA: Los Angeles, CA},
}

@Article{crandall2007identifying,
  author    = {Crandall, Jacob W and Cummings, Mary L},
  title     = {Identifying predictive metrics for supervisory control of multiple robots},
  journal   = {IEEE Transactions on Robotics},
  year      = {2007},
  volume    = {23},
  number    = {5},
  pages     = {942--951},
  publisher = {IEEE},
}

@Article{crandall2005validating,
  author    = {Crandall, Jacob W and Goodrich, Michael A and Olsen, Dan R and Nielsen, Curtis W},
  title     = {Validating human-robot interaction schemes in multitasking environments},
  journal   = {IEEE Transactions on Systems, Man, and Cybernetics-Part A: Systems and Humans},
  year      = {2005},
  volume    = {35},
  number    = {4},
  pages     = {438--449},
  publisher = {IEEE},
}

@InProceedings{manning2015heuristic,
  author       = {Manning, Matthew D and Harriott, Caroline E and Hayes, Sean T and Adams, Julie A and Seiffert, Adriane E},
  title        = {Heuristic Evaluation of Swarm Metrics' Effectiveness},
  booktitle    = {Proceedings of the tenth annual ACM/IEEE international conference on human-robot interaction extended abstracts},
  year         = {2015},
  pages        = {17--18},
  organization = {ACM},
}

@article{wood,
  title={Task complexity: Definition of the construct},
  author={Wood, Robert E},
  journal={Organizational behavior and human decision processes},
  volume={37},
  number={1},
  pages={60--82},
  year={1986},
  publisher={Elsevier}
}

@article{endsley1997,
  title={Situation awareness, information warfare and information dominance},
  author={Endsley, MR and Jones, WM},
  journal={Endsley Consulting, Belmont, MA, Tech. Rep},
  pages={97--01},
  year={1997}
}

@article{SAChapter,
  title={Situation awareness in human-robot interaction: Challenges and user interface requirements},
  author={Riley, Jennifer M and Strater, Laura D and Chappell, Sheryl L and Connors, Erik S and Endsley, Mica R},
  journal={Human-Robot Interactions in Future Military Operations},
  pages={171--192},
  year={2010}
}

@article{ucav,
author = {Kay, Gary and Dolgin, D and Wasel, B and Langelier, M and Hoffman, C},
year = {1999},
month = {06},
pages = {16},
title = {Identification of the Cognitive, Psychomotor, and Psychosocial Skill Demands of Uninhabited Combat Aerial Vehicle (UCAV) Operators},
volume = {30}
}

@incollection{chadwick,
  title={What the robot's camera tells the operator's brain},
  author={Chadwick, Roger A and Pazuchanics, Skye L and Gillan, Douglas J},
  booktitle={Human factors of remotely operated vehicles},
  pages={373--384},
  year={2006},
  publisher={Emerald Group Publishing Limited}
  }

  @book{Jentsch,
  title={Human-robot interactions in future military operations},
  author={Jentsch, Florian},
  year={2016},
  publisher={CRC Press}
}

@article{militello1998applied,
  title={Applied cognitive task analysis (ACTA): a practitioner's toolkit for understanding cognitive task
  demands},
  author={Militello, Laura G and Hutton, Robert JB},
  journal={Ergonomics},
  volume={41},
  number={11},
  pages={1618--1641},
  year={1998},
  publisher={Taylor \& Francis}
}

@book{parasuraman2008neuroergonomics,
  title={Neuroergonomics: The brain at work},
  author={Parasuraman, Raja and Rizzo, Matthew},
  year={2008},
  publisher={Oxford University Press}
}

@article{smith2001monitoring,
  title={Monitoring task loading with multivariate {EEG} measures during complex forms of human-computer interaction},
  author={Smith, Michael E and Gevins, Alan and Brown, Halle and Karnik, Arati and Du, Robert},
  journal={Human Factors},
  volume={43},
  number={3},
  pages={366--380},
  year={2001},
  publisher={SAGE Publications Sage CA: Los Angeles, CA}
}


@InProceedings{olsen2004fan,
  author       = {Olsen Jr, Dan R and Wood, Stephen Bart},
  title        = {Fan-out: measuring human control of multiple robots},
  booktitle    = {Proceedings of the SIGCHI conference on Human factors in computing systems},
  year         = {2004},
  pages        = {231--238},
  organization = {ACM},
}

@Article{ruff2002interaction,
  author  = {Heath A. Ruff and S. Narayanan and Mark H. Draper},
  title   = {Human Interaction with Levels of Automation and Decision-Aid Fidelity in the Supervisory Control of Multiple Simulated Unmanned Air Vehicles},
  journal = {Presence: Teleoperators and Virtual Environments},
  year    = {2002},
  volume  = {11},
  number  = {4},
  pages   = {335--351},
}

@InProceedings{gancet2010user,
  author       = {Gancet, Jeremi and Motard, Elvina and Naghsh, Amir and Roast, Chris and Arancon, Miguel Munoz and Marques, Lino},
  title        = {User interfaces for human robot interactions with a swarm of robots in support to firefighters},
  booktitle    = {Robotics and Automation (ICRA), 2010 IEEE International Conference on},
  year         = {2010},
  pages        = {2846--2851},
  organization = {IEEE},
}


@InProceedings{miller2005implications,
  author    = {Miller, Christopher A and Funk, Harry and Goldman, Robert and Meisner, John and Wu, Peggy},
  title     = {Implications of adaptive vs. adaptable UIs on decision making: Why ``automated adaptiveness'' is not always the right answer},
  booktitle = {Proceedings of the 1st international conference on augmented cognition},
  year      = {2005},
  pages     = {22--27},
}

@inproceedings{harriott2014biologically,
  title={Biologically-inspired human-swarm interaction metrics},
  author={Harriott, Caroline E and Seiffert, Adriane E and Hayes, Sean T and Adams, Julie A},
  booktitle={Proceedings of the Human Factors and Ergonomics Society Annual Meeting},
  volume={58},
  number={1},
  pages={1471--1475},
  year={2014},
  organization={SAGE Publications Sage CA: Los Angeles, CA}
}

@article{kerman2013methods,
  title={Methods and metrics for human interaction with bio-inspired robot swarms},
  author={Kerman, Sean C},
  year={2013},
  publisher={Brigham Young University-Provo}
}


@inproceedings{goodrich2003seven,
  title={Seven principles of efficient human robot interaction},
  author={Goodrich, Michael A and Olsen, Dan R},
  booktitle={Systems, Man and Cybernetics, 2003. IEEE International Conference on},
  volume={4},
  pages={3942--3948},
  year={2003},
  organization={IEEE}
}

@inproceedings{pendleton2013scalable,
  title={Scalable human interaction with robotic swarms},
  author={Pendleton, Brian and Goodrich, Michael},
  booktitle={proceedings of the AIAA Infotech@ Aerospace Conference},
  year={2013}
}

@inproceedings{crandall2007attention,
  title={Attention allocation efficiency in human-uv teams},
  author={Crandall, Jacob W and Cummings, ML},
  booktitle={AIAA Infotech@ Aerospace Conference},
  year={2007}
}

@article{crandall2011computing,
  title={Computing the effects of operator attention allocation in human control of multiple robots},
  author={Crandall, Jacob W and Cummings, Mary L and Della Penna, Mauro and de Jong, Paul MA},
  journal={IEEE Transactions on Systems, Man, and Cybernetics-Part A: Systems and Humans},
  volume={41},
  number={3},
  pages={385--397},
  year={2011},
  publisher={IEEE}
}

@techreport{nehme2009impact,
  title={The impact of heterogeneity on operator performance in futuristic unmanned vehicle systems},
  author={Nehme, CE and Mekdeci, B and Crandall, JW and Cummings, ML},
  year={2009},
  institution={MASSACHUSETTS INST OF TECH CAMBRIDGE HUMANS AND AUTOMATION LAB}
}

@inproceedings{goodrich2007managing,
  title={Managing autonomy in robot teams: observations from four experiments},
  author={Goodrich, Michael A and McLain, Timothy W and Anderson, Jeffrey D and Sun, Jisang and Crandall, Jacob W},
  booktitle={Proceedings of the ACM/IEEE international conference on Human-robot interaction},
  pages={25--32},
  year={2007},
  organization={ACM}
}

@article{visualFeedback,
  title={Visual feedback with multiple cameras in a UAVs Human--Swarm Interface},
  author={Recchiuto, Carmine Tommaso and Sgorbissa, Antonio and Zaccaria, Renato},
  journal={Robotics and Autonomous Systems},
  volume={80},
  pages={43--54},
  year={2016},
  publisher={Elsevier}
}



@article{vehicleInterface,
  title={Vehicle teleoperation interfaces},
  author={Fong, Terrence and Thorpe, Charles},
  journal={Autonomous robots},
  volume={11},
  number={1},
  pages={9--18},
  year={2001},
  publisher={Springer}
}

@inproceedings{selecting10,
  title={Selecting and commanding individual robots in a multi-robot system},
  author={Couture-Beil, Alex and Vaughan, Richard T and Mori, Greg},
  booktitle={Computer and Robot Vision (CRV), 2010 Canadian Conference on},
  pages={159--166},
  year={2010},
  organization={IEEE}
}

@INPROCEEDINGS{gesture,
author={A. Giusti and J. Nagi and L. M. Gambardella and S. Bonardi and G. A. Di Caro},
booktitle={2012 7th ACM/IEEE International Conference on Human-Robot Interaction (HRI)},
title={Human-swarm interaction through distributed cooperative gesture recognition},
year={2012},
pages={401-401},
keywords={gesture recognition;human-robot interaction;mobile robots;multi-robot systems;Swiss-funded project;distributed cooperative gesture recognition;foot-bots;hand gestures;human-swarm interaction;mobile robots;robot swarms;swarmanoid project;symbiotic peer-to-peer interaction;Gesture recognition;Humans;Robot kinematics;Robot sensing systems;Shape;Distributed consensus;Gesture recognition;Swarm robotics},
doi={10.1145/2157689.2157818},
ISSN={2167-2121},
month={March},}

@INPROCEEDINGS{selection,
author={J. Nagi and A. Giusti and L. M. Gambardella and G. A. Di Caro},
booktitle={2014 IEEE/RSJ International Conference on Intelligent Robots and Systems},
title={Human-swarm interaction using spatial gestures},
year={2014},
pages={3834-3841},
keywords={autonomous aerial vehicles;gesture recognition;human-robot interaction;multi-robot systems;object detection;position control;robot vision;support vector machines;SVM;UAV swarm;angular distance;autonomous robots;cascaded multibinary-class configuration;human face detection;human-swarm interaction;machine vision based approach;multi-UAV localization;multi-UAV positioning;spatial gestures;support vector machine;two-handed spatial pointing gestures;unmanned aerial vehicles;Face;Face detection;Robot kinematics;Robot sensing systems;Robustness;Vocabulary},
doi={10.1109/IROS.2014.6943101},
ISSN={2153-0858},
month={Sept},}

@article{wearable,
  title={A wearable general-purpose solution for Human-Swarm Interaction},
  author={Ferrer, Eduardo Castell{\'o}},
  journal={arXiv preprint arXiv:1704.08393},
  year={2017}
}

@INPROCEEDINGS{bandwidth,
author={S. Nunnally and P. Walker and A. Kolling and N. Chakraborty and M. Lewis and K. Sycara and M. Goodrich},
booktitle={2012 IEEE International Conference on Systems, Man, and Cybernetics (SMC)},
title={Human influence of robotic swarms with bandwidth and localization issues},
year={2012},
pages={333--338},
keywords={human-robot interaction;mobile robots;multi-robot systems;path planning;HSI;bandwidth issues;bandwidth restriction;complex emergent behaviors;human influence;human swarm interaction;indoor search-rescue task;local rules;localization issues;radio limitations;robotic swarms;swarm foraging task;underwater exploration;Bandwidth;Color;Humans;Robot sensing systems;Spatial resolution;Standards;bandwidth limitation;human-swarm interaction},
doi={10.1109/ICSMC.2012.6377723},
ISSN={1062-922X},
month={Oct},}

@inproceedings{SAPerformance,
  title={Effects of robot control mode on situation awareness and performance in a navigation task},
  author={Riley, Jennifer M and Strater, Laura D},
  booktitle={Proceedings of the Human Factors and Ergonomics Society annual meeting},
  volume={50},
  number={3},
  pages={540--544},
  year={2006},
  organization={SAGE Publications Sage CA: Los Angeles, CA}
}

@article{humanFactors,
  title={Computational design of mixed-initiative human--robot teaming that considers human factors: situational awareness, workload, and workflow preferences},
  author={Gombolay, Matthew and Bair, Anna and Huang, Cindy and Shah, Julie},
  journal={The International Journal of Robotics Research},
  pages={0278364916688255},
  year={2017},
  publisher={SAGE Publications Sage UK: London, England}
}

@inproceedings{sagat,
  title={Situation awareness global assessment technique (SAGAT)},
  author={Endsley, Mica R},
  booktitle={Aerospace and Electronics Conference, 1988. NAECON 1988., Proceedings of the IEEE 1988 National},
  pages={789--795},
  year={1988},
  organization={IEEE}
}


@article{SATechniques,
  title={Use of testable responses for performance-based measurement of situation awareness},
  author={Pritchett, Amy R and Hansman, R John},
  journal={Situation awareness analysis and measurement},
  pages={189--209},
  year={2000},
  publisher={Mahwah, NJ: Lawrence Erlbaum Associates, Inc}
}

@inproceedings{SAAutomation,
  title={Assessing effects of robot control mode on performance and situation awareness in a maze navigation task},
  author={Riley, Jennifer M and Strater, Laura D},
  booktitle={Lecture presentation at the 3rd Annual Workshop on Human Factors of Unmanned Aerial Vehicles, Mesa, AZ},
  pages={24--25},
  year={2006}
}

@inproceedings{swarmingNetwork,
  title={Human supervisory control of swarming networks},
  author={Cummings, Missy L},
  booktitle={2nd annual swarming: autonomous intelligent networked systems conference},
  pages={1--9},
  year={2004}
}

@article{lost,
  title={Lost in space? Cognitive fit and cognitive load in 3D virtual environments},
  author={Van Der Land, Sarah and Schouten, Alexander P and Feldberg, Frans and Van Den Hooff, Bart and Huysman, Marleen},
  journal={Computers in Human Behavior},
  volume={29},
  number={3},
  pages={1054--1064},
  year={2013},
  publisher={Elsevier}
}

@article{cognitiveFit,
  title={Cognitive fit: A theory-based analysis of the graphs versus tables literature},
  author={Vessey, Iris},
  journal={Decision Sciences},
  volume={22},
  number={2},
  pages={219--240},
  year={1991},
  publisher={Wiley Online Library}
}

@inproceedings{immersive,
  title={Immersive displays for building spatial knowledge in multi-UAV operations},
  author={Ruiz, JJ and Viguria, A and Martinez-de-Dios, JR and Ollero, A},
  booktitle={Unmanned Aircraft Systems (ICUAS), 2015 International Conference on},
  pages={1043--1048},
  year={2015},
  organization={IEEE}
}


@article{cost,
  title={Cognitive Cost of Using Augmented Reality Displays},
  author={Baumeister, James and Ssin, Seung Youb and ElSayed, Neven AM and Dorrian, Jillian and Webb, David P and Walsh, James A and Simon, Timothy M and Irlitti, Andrew and Smith, Ross T and Kohler, Mark and others},
  journal={IEEE Transactions on Visualization and Computer Graphics},
  year={2017},
  publisher={IEEE}
}

@inproceedings{distributed,
  title={Distributed consensus for interaction between humans and mobile robot swarms},
  author={\textsl{Giusti}, Alessandro and Nagi, Jawad and Gambardella, Luca M and Di Caro, Gianni A},
  booktitle={Proceedings of the 11th International Conference on Autonomous Agents and Multiagent Systems-Volume 3},
  pages={1503--1504},
  year={2012},
  organization={International Foundation for Autonomous Agents and Multiagent Systems}
}

@article{delaySurvey,
  title={Space teleoperation through time delay: Review and prognosis},
  author={Sheridan, Thomas B},
  journal={IEEE Transactions on robotics and Automation},
  volume={9},
  number={5},
  pages={592--606},
  year={1993},
  publisher={IEEE}
}

@inproceedings{predictive90,
  title={Predictive displays and shared compliance control for time-delayed telemanipulation},
  author={Bejczy, Antal K and Kim, Won S},
  booktitle={Intelligent Robots and Systems' 90.'Towards a New Frontier of Applications', Proceedings. IROS'90. IEEE International Workshop on},
  pages={407--412},
  year={1990},
  organization={IEEE}
}





@InProceedings{jacoff2001reference,
  author    = {Jacoff, Adam and Messina, Elena and Evans, John},
  title     = {A reference test course for autonomous mobile robots},
  booktitle = {Proceedings of the SPIE-AeroSense Conference},
  year      = {2001},
}

@Article{jacoff2001standard,
  author    = {Jacoff, Adam and Messina, Elena and Evans, John},
  title     = {A standard test course for urban search and rescue robots},
  journal   = {NIST special publication SP},
  year      = {2001},
  pages     = {253--259},
  publisher = {NATIONAL INSTIUTE OF STANDARDS \& TECHNOLOGY},
}

@Article{fong2001vehicle,
  author    = {Fong, Terrence and Thorpe, Charles},
  title     = {Vehicle teleoperation interfaces},
  journal   = {Autonomous robots},
  year      = {2001},
  volume    = {11},
  number    = {1},
  pages     = {9--18},
  publisher = {Springer},
}

@Article{howard2002mobile,
  author    = {Howard, Andrew and Mataric, Maja J and Sukhatme, Gaurav S},
  title     = {Mobile sensor network deployment using potential fields: A distributed, scalable solution to the area coverage problem},
  journal   = {Distributed autonomous robotic systems},
  year      = {2002},
  volume    = {5},
  pages     = {299--308},
  publisher = {Springer Tokyo, Japan},
}

@InProceedings{ganguli2007visibility,
  author       = {Ganguli, Anurag and Cort{\'e}s, Jorge and Bullo, Francesco},
  title        = {Visibility-based multi-agent deployment in orthogonal environments},
  booktitle    = {American Control Conference, 2007. ACC'07},
  year         = {2007},
  pages        = {3426--3431},
  organization = {IEEE},
}

@TechReport{huang2003toward,
  author      = {Huang, Hui-Min and Messina, Elena and Albus, James},
  title       = {Toward a generic model for autonomy levels for unmanned systems (ALFUS)},
  institution = {NATIONAL INST OF STANDARDS AND TECHNOLOGY GAITHERSBURG MD},
  year        = {2003},
}

@TechReport{scholtz2003evaluation,
  author      = {Scholtz, Jean and Antonishek, Brian and Young, Jeff},
  title       = {Evaluation of operator interventions in autonomous off-road driving},
  institution = {NATIONAL INST OF STANDARDS AND TECHNOLOGY GAITHERSBURG MD},
  year        = {2003},
}

@Article{yanco2004beyond,
  author    = {Yanco, Holly A and Drury, Jill L and Scholtz, Jean},
  title     = {Beyond usability evaluation: Analysis of human-robot interaction at a major robotics competition},
  journal   = {Human--Computer Interaction},
  year      = {2004},
  volume    = {19},
  number    = {1-2},
  pages     = {117--149},
  publisher = {Taylor \& Francis},
}

@inproceedings{olsen2003metrics,
  title={Metrics for evaluating human-robot interactions},
  author={Olsen, Dan R and Goodrich, Michael A},
  booktitle={Proceedings of PERMIS},
  volume={2003},
  pages={4},
  year={2003}
}

@InProceedings{hayes2014human,
  author       = {Hayes, Sean T and Adams, Julie A},
  title        = {Human-swarm interaction: Sources of uncertainty},
  booktitle    = {Proceedings of the 2014 ACM/IEEE international conference on Human-robot interaction},
  year         = {2014},
  pages        = {170--171},
  organization = {ACM},
}

@InProceedings{nunnally2012human,
  author       = {Nunnally, Steven and Walker, P and Kolling, Andreas and Chakraborty, Nilanjan and Lewis, Michael and Sycara, K and Goodrich, M},
  title        = {Human influence of robotic swarms with bandwidth and localization issues},
  booktitle    = {Systems, Man, and Cybernetics (SMC), 2012 IEEE International Conference on},
  year         = {2012},
  pages        = {333--338},
  organization = {IEEE},
}

@article{parrish2002self,
  title={Self-organized fish schools: an examination of emergent properties},
  author={Parrish, Julia K and Viscido, Steven V and Grunbaum, Daniel},
  journal={The biological bulletin},
  volume={202},
  number={3},
  pages={296--305},
  year={2002},
  publisher={Marine Biological Laboratory}
}

@inproceedings{navarro2009proposal,
  title={A proposal of a set of metrics for collective movement of robots},
  author={Navarro, Inaki and Mat{\'\i}a, F},
  booktitle={Proc. Workshop on Good Experimental Methodology in Robotics},
  year={2009}
}

@inproceedings{nagavalli2014neglect,
  title={Neglect benevolence in human control of robotic swarms},
  author={Nagavalli, Sasanka and Luo, Lingzhi and Chakraborty, Nilanjan and Sycara, Katia},
  booktitle={Robotics and Automation (ICRA), 2014 IEEE International Conference on},
  pages={6047--6053},
  year={2014},
  organization={IEEE}
}

@inproceedings{walker2012investigating,
  title={Investigating Neglect Benevolence and Communication Latency During Human-Swarm Interaction.},
  author={Walker, Phillip M and Kolling, Andreas and Nunnally, Steven and Chakraborty, Nilanjan and Lewis, Michael and Sycara, Katia P},
  booktitle={AAAI Fall Symposium: Human Control of Bioinspired Swarms},
  year={2012}
}

@article{objectiveSubjective,
  title={Effects of objective and subjective task complexity on performance},
  author={Maynard, Douglas C and Hakel, Milton D},
  journal={Human Performance},
  volume={10},
  number={4},
  pages={303--330},
  year={1997},
  publisher={Taylor \& Francis}
}


@article{ruff2002,
  title={Human interaction with levels of automation and decision-aid fidelity in the supervisory control of multiple simulated unmanned air vehicles},
  author={Ruff, Heath A and Narayanan, Sundaram and Draper, Mark H},
  journal={Presence: Teleoperators and virtual environments},
  volume={11},
  number={4},
  pages={335--351},
  year={2002},
  publisher={MIT Press}
}

@inproceedings{usarJ,
  title={The hunt for situation awareness: Human-robot interaction in search and rescue},
  author={Riley, Jennifer M and Endsley, Mica R},
  booktitle={Proceedings of the Human Factors and Ergonomics Society Annual Meeting},
  volume={48},
  number={3},
  pages={693--697},
  year={2004},
  organization={SAGE Publications Sage CA: Los Angeles, CA}
}

@article{LOA,
  title={Human-robot interaction in UVs swarming: a survey},
  author={Mi, Zhen-Qiang and Yang, Yang},
  journal={Int. J. Comput. Sci. Issues},
  volume={10},
  number={2},
  pages={273--280},
  year={2013}
}

@inproceedings{towards,
  title={Towards human control of robot swarms},
  author={Kolling, Andreas and Nunnally, Steven and Lewis, Michael},
  booktitle={Proceedings of the seventh annual ACM/IEEE international conference on human-robot interaction},
  pages={89--96},
  year={2012},
  organization={ACM}
}

@inproceedings{scalableHSI,
  title={Scalable human interaction with robotic swarms},
  author={Pendleton, Brian and Goodrich, Michael},
  booktitle={proceedings of the AIAA Infotech@ Aerospace Conference},
  year={2013}
}

@article{complexity2012,
author = {Liu, Peng and Li, Zhizhong},
year = {2012},
month = {11},
pages = {553--568},
title = {Task complexity: A review and conceptualization framework},
volume = {42},
booktitle = {International Journal of Industrial Ergonomics}
}

@article{HATeaming,
  title={Human--agent teaming for multirobot control: A review of human factors issues},
  author={Chen, Jessie YC and Barnes, Michael J},
  journal={IEEE Transactions on Human-Machine Systems},
  volume={44},
  number={1},
  pages={13--29},
  year={2014},
  publisher={IEEE}
}

@phdthesis{Caroline,
  title={Workload and Task Performance in Human-robot Peer-based Teams},
  author={Harriott, Caroline E},
  year={2015},
  school={Vanderbilt University}
}

@inproceedings{mclurkin2006speaking,
  title={Speaking Swarmish: Human-Robot Interface Design for Large Swarms of Autonomous Mobile Robots.},
  author={McLurkin, James and Smith, Jennifer and Frankel, James and Sotkowitz, David and Blau, David and Schmidt, Brian},
  booktitle={AAAI spring symposium: to boldly go where no human-robot team has gone before},
  pages={72--75},
  year={2006}
}

@inproceedings{walker2012neglect,
  title={Neglect benevolence in human control of swarms in the presence of latency},
  author={Walker, Phillip and Nunnally, Steven and Lewis, Mike and Kolling, Andreas and Chakraborty, Nilanjan and Sycara, Katia},
  booktitle={Systems, Man, and Cybernetics (SMC), 2012 IEEE International Conference on},
  pages={3009--3014},
  year={2012},
  organization={IEEE}
}

@article{abbass2016trusted,
  title={Trusted autonomy and cognitive cyber symbiosis: Open challenges},
  author={Abbass, Hussein A and Petraki, Eleni and Merrick, Kathryn and Harvey, John and Barlow, Michael},
  journal={Cognitive computation},
  volume={8},
  number={3},
  pages={385--408},
  year={2016},
  publisher={Springer}
}



@article{hart1988development,
    title={Development of NASA-TLX (Task Load Index): Results of empirical and theoretical research},
    author={Hart, Sandra G and Staveland, Lowell E},
    journal={Advances in psychology},
    volume={52},
    pages={139--183},
    year={1988},
    publisher={Elsevier}
}

@article{zhao2012electroencephalogram,
  title={Electroencephalogram and electrocardiograph assessment of mental fatigue in a driving simulator},
  author={Zhao, Chunlin and Zhao, Min and Liu, Jianpin and Zheng, Chongxun},
  journal={Accident Analysis \& Prevention},
  volume={45},
  pages={83--90},
  year={2012},
  publisher={Elsevier}
}

@article{borghiniameasuring,
    title={Measuring neurophysiological signals in aircraft pilots and car drivers for theassessment of mental workload, fatigue and drowsiness},
    author={Borghinia, G and Astolfia, L and Vecchiatoa, G and Mattiaa, D and Babilonia, F},
    journal={Neuroscience and Biobehavioral Reviews},
    pages={58--75}
}

@article{doppelmayr2008frontal,
    title={Frontal midline theta in the pre-shot phase of rifle shooting: differences between experts and novices},
    author={Doppelmayr, M and Finkenzeller, T and Sauseng, P},
    journal={Neuropsychologia},
    volume={46},
    number={5},
    pages={1463--1467},
    year={2008},
    publisher={Elsevier}
}

@article{matthews2015psychometrics,
    title={The psychometrics of mental workload: Multiple measures are sensitive but divergent},
    author={Matthews, Gerald and Reinerman-Jones, Lauren E and Barber, Daniel J and Abich IV, Julian},
    journal={Human factors},
    volume={57},
    number={1},
    pages={125--143},
    year={2015},
    publisher={Sage Publications Sage CA: Los Angeles, CA}
}
    
@article{fallahi2016effects,
title={Effects of mental workload on physiological and subjective responses during traffic density monitoring: a field study},
author={Fallahi, Majid and Motamedzade, Majid and Heidarimoghadam, Rashid and Soltanian, Ali Reza and Miyake, Shinji},
journal={Applied ergonomics},
volume={52},
pages={95--103},
year={2016},
publisher={Elsevier}
}

% gap
@inproceedings{threshold,
  title={The impact of adaptive automation invoking thresholds on cognitive workload and situational awareness},
  author={Rusnock, Christina F and Geiger, Christopher D},
  booktitle={Proceedings of the Human Factors and Ergonomics Society Annual Meeting},
  volume={57},
  number={1},
  pages={119--123},
  year={2013},
  organization={SAGE Publications Sage CA: Los Angeles, CA}
}



@article{aiding,
  title={19 Dynamic decision aiding: the impact of adaptive automation on mental workload},
  author={Hilburn, Brian},
  journal={Engineering Psychology and Cognitive Ergonomics: Volume 1: Transportation Systems},
  year={2017},
  publisher={Routledge}
}

@article{endsley2017,
  title={From here to autonomy: lessons learned from human--automation research},
  author={Endsley, Mica R},
  journal={Human factors},
  volume={59},
  number={1},
  pages={5--27},
  year={2017},
  publisher={Sage Publications Sage CA: Los Angeles, CA}
}

@article{teaming,
  title={Human--agent teaming for multirobot control: A review of human factors issues},
  author={Chen, Jessie YC and Barnes, Michael J},
  journal={IEEE Transactions on Human-Machine Systems},
  volume={44},
  number={1},
  pages={13--29},
  year={2014},
  publisher={IEEE}
}


@inproceedings{AdaptiveHA,
  title={Augmented cognition using real-time {EEG}-based adaptive strategies for air traffic control},
  author={Abbass, Hussein A and Tang, Jiangjun and Amin, Rubai and Ellejmi, Mohamed and Kirby, Stephen},
  booktitle={Proceedings of the human factors and ergonomics society annual meeting},
  volume={58},
  number={1},
  pages={230--234},
  year={2014},
  organization={SAGE Publications Sage CA: Los Angeles, CA}
}


@article{triggers,
  title={Toward a characterization of adaptive systems: A framework for researchers and system designers},
  author={Feigh, Karen M and Dorneich, Michael C and Hayes, Caroline C},
  journal={Human Factors},
  volume={54},
  number={6},
  pages={1008--1024},
  year={2012},
  publisher={Sage Publications Sage CA: Los Angeles, CA}
}


@Article{miller2007designing,
    author    = {Miller, Christopher A and Parasuraman, Raja},
    title     = {Designing for flexible interaction between humans and automation: Delegation interfaces for supervisory control},
    journal   = {Human factors},
    year      = {2007},
    volume    = {49},
    number    = {1},
    pages     = {57--75},
    publisher = {Sage Publications Sage CA: Los Angeles, CA},
}

@InProceedings{miller2005playbook,
    author       = {Miller, Christopher and Funk, Harry and Wu, Peggy and Goldman, Robert and Meisner, John and Chapman, Marc},
    title        = {The Playbook Approach to Adaptive Automation},
    booktitle    = {Proceedings of the Human Factors and Ergonomics Society Annual Meeting},
    year         = {2005},
    volume       = {49},
    number       = {1},
    pages        = {15--19},
    organization = {SAGE Publications Sage CA: Los Angeles, CA},
}

@Article{parasuraman1993performance,
    author    = {Parasuraman, Raja and Molloy, Robert and Singh, Indramani L},
    title     = {Performance consequences of automation-induced'complacency'},
    journal   = {The International Journal of Aviation Psychology},
    year      = {1993},
    volume    = {3},
    number    = {1},
    pages     = {1--23},
    publisher = {Taylor \& Francis},
}

@inproceedings{fuchs2017towards,
  title={Towards a dynamic selection and configuration of adaptation strategies in augmented cognition},
  author={Fuchs, Sven and Schwarz, Jessica},
  booktitle={International Conference on Augmented Cognition},
  pages={101--115},
  year={2017},
  organization={Springer}
}

@article{zarjam2013estimating,
  title={Estimating cognitive workload using wavelet entropy-based features during an arithmetic task},
  author={Zarjam, Pega and Epps, Julien and Chen, Fang and Lovell, Nigel H},
  journal={Computers in biology and medicine},
  volume={43},
  number={12},
  pages={2186--2195},
  year={2013},
  publisher={Elsevier}
}

@article{prinzel2003effects,
    title={Effects of a psychophysiological system for adaptive automation on performance, workload, and the event-related potential P300 component},
    author={Prinzel III, Lawrence J and Freeman, Frederick G and Scerbo, Mark W and Mikulka, Peter J and Pope, Alan T},
    journal={Human factors},
    volume={45},
    number={4},
    pages={601--614},
    year={2003},
    publisher={Sage Publications Sage UK: London, England}
}

@article{isreal1980p300,
    title={P300 and tracking difficulty: Evidence for multiple resources in dual-task performance},
    author={Isreal, Jack B and Chesney, Gregory L and Wickens, Christopher D and Donchin, Emanuel},
    journal={Psychophysiology},
    volume={17},
    number={3},
    pages={259--273},
    year={1980},
    publisher={Wiley Online Library}
} 

@inproceedings{nothwang2016human,
  title={The human should be part of the control loop?},
  author={Nothwang, William D and McCourt, Michael J and Robinson, Ryan M and Burden, Samuel A and Curtis, J Willard},
  booktitle={Resilience Week (RWS), 2016},
  pages={214--220},
  year={2016},
  organization={IEEE}
}


@inproceedings{chien2012scheduling,
  title={Scheduling operator attention for multi-robot control},
  author={Chien, Shih-Yi and Lewis, Michael and Mehrotra, Siddharth and Brooks, Nathan and Sycara, Katia},
  booktitle={Intelligent Robots and Systems (IROS), 2012 IEEE/RSJ International Conference on},
  pages={473--479},
  year={2012},
  organization={IEEE}
}
@inproceedings{scholtz2004evaluation,
  title={Evaluation of human-robot interaction awareness in search and rescue},
  author={Scholtz, Jean and Young, Jeff and Drury, Jill L and Yanco, Holly A},
  booktitle={Robotics and Automation, 2004. Proceedings. ICRA'04. 2004 IEEE International Conference on},
  volume={3},
  pages={2327--2332},
  year={2004},
  organization={IEEE}
}
